% You can generate BibTeX-style bibliography entries from e.g Google Scholar (Cite -> BibTeX)


@book{krutchen,
	title={The "4+1‚Äù View Model of Software Architecture"},
	author={Krutchen},
	year={1995}
	}
%THIS IS HOW YOU MAKE AN INTERNET PAGE REFERENCE
@misc{toolchain,
    title={GNU-Toolchain},
    howpublished={\url{http://en.wikipedia.org/wiki/GNU_toolchain}},
    note={Accessed: 07.02.2015}
}